<record><leader>00000cas a2200000 a 4500</leader><controlfield tag="001">13696194</controlfield><controlfield tag="008">860606d19uu1926txudr ne      0    0eng d</controlfield><datafield ind1=" " ind2=" " tag="010"><subfield code="a">sn 86064230 </subfield></datafield><datafield ind1=" " ind2=" " tag="040"><subfield code="a">KSH</subfield><subfield code="b">eng</subfield><subfield code="c">KSH</subfield><subfield code="d">NPT</subfield><subfield code="d">PPM</subfield><subfield code="d">OCL</subfield><subfield code="d">PPM</subfield><subfield code="d">OCL</subfield><subfield code="d">OCLCQ</subfield></datafield><datafield ind1=" " ind2=" " tag="019"><subfield code="a">14555200</subfield></datafield><datafield ind1=" " ind2=" " tag="042"><subfield code="a">msc</subfield></datafield><datafield ind1="0" ind2="4" tag="245"><subfield code="a">The Orange daily leader.</subfield></datafield><datafield ind1=" " ind2=" " tag="260"><subfield code="a">Orange, Tex. :</subfield><subfield code="b">Orange Print. Co.</subfield></datafield><datafield ind1=" " ind2=" " tag="300"><subfield code="a">v. :</subfield><subfield code="b">ill. ;</subfield><subfield code="c">56 cm.</subfield></datafield><datafield ind1=" " ind2=" " tag="310"><subfield code="a">Daily (except Sunday)</subfield></datafield><datafield ind1="1" ind2=" " tag="362"><subfield code="a">Ceased in 1926.</subfield></datafield><datafield ind1=" " ind2=" " tag="588"><subfield code="a">Description based on: Vol. 7, no. 313 (Sept. 13, 1916).</subfield></datafield><datafield ind1=" " ind2=" " tag="752"><subfield code="a">United States</subfield><subfield code="b">Texas</subfield><subfield code="c">Orange</subfield><subfield code="d">Orange.</subfield></datafield><datafield ind1="0" ind2="0" tag="780"><subfield code="t">Daily leader (Orange, Tex. : 1908)</subfield><subfield code="w">(DLC)sn 88084269</subfield></datafield><datafield ind1="0" ind2="0" tag="785"><subfield code="t">Orange leader (Orange, Tex. : 1926)</subfield><subfield code="w">(OCoLC)11615684</subfield></datafield><datafield ind1="1" ind2=" " tag="029"><subfield code="a">AU@</subfield><subfield code="b">000020583469</subfield></datafield></record>